<record><leader>00000cas a2200000 a 4500</leader><controlfield tag="001">12071749</controlfield><controlfield tag="008">850523c18689999iludn ne      0   a0eng c</controlfield><datafield ind1=" " ind2=" " tag="010"><subfield code="a">sn 85033589 </subfield></datafield><datafield ind1=" " ind2=" " tag="040"><subfield code="a">NPU</subfield><subfield code="b">eng</subfield><subfield code="c">NPU</subfield><subfield code="d">MQN</subfield><subfield code="d">NVF</subfield><subfield code="d">NSD</subfield><subfield code="d">NVF</subfield><subfield code="d">OCLCQ</subfield><subfield code="d">NVF</subfield><subfield code="d">OCLCQ</subfield><subfield code="d">NVF</subfield><subfield code="d">OCLCF</subfield><subfield code="d">OCLCO</subfield><subfield code="d">NVF</subfield></datafield><datafield ind1=" " ind2=" " tag="012"><subfield code="m">1</subfield></datafield><datafield ind1="1" ind2=" " tag="022"><subfield code="a">1074-1860</subfield><subfield code="l">1074-1860</subfield><subfield code="2">1</subfield></datafield><datafield ind1=" " ind2=" " tag="032"><subfield code="a">169100</subfield><subfield code="b">USPS</subfield></datafield><datafield ind1=" " ind2=" " tag="037"><subfield code="b">Edwardsville Intelligencer, 117 N. 2nd St., Edwardsville, IL 62025</subfield></datafield><datafield ind1=" " ind2=" " tag="042"><subfield code="a">pcc</subfield><subfield code="a">nsdp</subfield></datafield><datafield ind1=" " ind2=" " tag="043"><subfield code="a">n-us-il</subfield></datafield><datafield ind1=" " ind2="0" tag="222"><subfield code="a">Edwardsville intelligencer</subfield></datafield><datafield ind1="0" ind2="4" tag="245"><subfield code="a">The Edwardsville intelligencer.</subfield></datafield><datafield ind1=" " ind2=" " tag="260"><subfield code="a">Edwardsville, Ill. :</subfield><subfield code="b">J.R. Brown,</subfield><subfield code="c">1868-</subfield></datafield><datafield ind1="3" ind2=" " tag="260"><subfield code="3">&lt;Dec. 27, 1993&gt;-</subfield><subfield code="a">Edwardsville, Ill. :</subfield><subfield code="b">Edwardsville Pub.</subfield></datafield><datafield ind1=" " ind2=" " tag="300"><subfield code="a">v.</subfield></datafield><datafield ind1=" " ind2=" " tag="310"><subfield code="a">Daily (except Sunday),</subfield><subfield code="b">Jan. 14, 1907-</subfield></datafield><datafield ind1=" " ind2=" " tag="321"><subfield code="a">Weekly,</subfield><subfield code="b">Sept. 17, 1868-Dec. 27, 1893</subfield></datafield><datafield ind1=" " ind2=" " tag="321"><subfield code="a">Semiweekly,</subfield><subfield code="b">Jan. 2, 1894-Jan. 2, 1903</subfield></datafield><datafield ind1=" " ind2=" " tag="321"><subfield code="a">Triweekly,</subfield><subfield code="b">Jan. 5, 1903-Jan. 11, 1907</subfield></datafield><datafield ind1="0" ind2=" " tag="362"><subfield code="a">Vol. 6, no. 45 (Sept. 17, 1868)-v. 21, no. 52 (Oct. 17, 1883) ; v. 21, whole no. 1093 (Oct. 24, 1883)-v. 29, whole no. 1605 (Nov. 11, 1891) ; v. 30, no. 2 (Nov. 18, 1891)-</subfield></datafield><datafield ind1=" " ind2=" " tag="515"><subfield code="a">Continues the numbering of Madison intelligencer.</subfield></datafield><datafield ind1=" " ind2="0" tag="651"><subfield code="a">Edwardsville (Ill.)</subfield><subfield code="v">Newspapers.</subfield></datafield><datafield ind1=" " ind2="0" tag="651"><subfield code="a">Madison County (Ill.)</subfield><subfield code="v">Newspapers.</subfield></datafield><datafield ind1=" " ind2="7" tag="651"><subfield code="a">Illinois</subfield><subfield code="z">Edwardsville.</subfield><subfield code="2">fast</subfield><subfield code="0">(OCoLC)fst01219176</subfield></datafield><datafield ind1=" " ind2="7" tag="651"><subfield code="a">Illinois</subfield><subfield code="z">Madison County.</subfield><subfield code="2">fast</subfield><subfield code="0">(OCoLC)fst01209006</subfield></datafield><datafield ind1=" " ind2="7" tag="655"><subfield code="a">Newspapers.</subfield><subfield code="2">fast</subfield><subfield code="0">(OCoLC)fst01423814</subfield></datafield><datafield ind1=" " ind2=" " tag="752"><subfield code="a">United States</subfield><subfield code="b">Illinois</subfield><subfield code="c">Madison</subfield><subfield code="d">Edwardsville.</subfield></datafield><datafield ind1="0" ind2=" " tag="775"><subfield code="t">Madison County news (Edwardsville, Ill.)</subfield><subfield code="w">(DLC)sn 91054123</subfield><subfield code="w">(OCoLC)24237047</subfield></datafield><datafield ind1="0" ind2="0" tag="780"><subfield code="t">Madison intelligencer</subfield><subfield code="w">(DLC)sn 91061021</subfield><subfield code="w">(OCoLC)23763154</subfield></datafield><datafield ind1="1" ind2=" " tag="029"><subfield code="a">AU@</subfield><subfield code="b">000041677485</subfield></datafield></record>